%citation not from dplb
@techreport{ripple_consensus_whitepaper,
  author = {Schwartz, David and Youngs, Noah and Britto, Arthur},
  title = {The Ripple Protocol Consensus Algorithm},
  institution = {Ripple Labs Inc.},
  year = {2014},
  url = {https://ripple.com/files/ripple_consensus_whitepaper.pdf}
}

%this reference doesnt come from dblp
@phdthesis{Zanolini2023,
  author       = {Luca Zanolini},
  title        = {Asymmetric Trust in Distributed Systems},
  school       = {University of Bern, Faculty of Science},
  year         = {2023},
  url          = {https://doi.org/10.48549/4481},
  address      = {Bern, Switzerland}
}


@misc{stellarPap,
  title        = {The Stellar Consensus Protocol: A Federated Model for Internet‑Level Consensus},
  author       = {Mazières, David and Barry, Nicolas and Losa, Giuliano and McCaleb, Jed and Polu, Stanislas},
  organization = {Stellar Development Foundation},
  year         = {2015},
  url          = {https://stellar.org/papers/stellar-consensus-protocol.pdf}
}

@article{DBLP:journals/jacm/DworkLS88,
   author       = {Cynthia Dwork and
                  Nancy A. Lynch and
                  Larry J. Stockmeyer},
  title        = {Consensus in the presence of partial synchrony},
  journal      = {J. {ACM}},
  volume       = {35},
  number       = {2},
  pages        = {288--323},
  year         = {1988},
  url          = {https://doi.org/10.1145/42282.42283}
}



@article{DBLP:journals/corr/abs-2505-17891,
 author       = {Ignacio Amores{-}Sesar and
                  Christian Cachin and
                  Juan Villacis and
                  Luca Zanolini},
  title        = {DAG-based Consensus with Asymmetric Trust [Extended Version]},
  journal      = {CoRR},
  volume       = {abs/2505.17891},
  year         = {2025},
  url          = {https://doi.org/10.48550/arXiv.2505.17891}
}

@article{DBLP:journals/corr/abs-2011-08253,
  author       = {Isaac C. Sheff and
                  Xinwen Wang and
                  Robbert van Renesse and
                  Andrew C. Myers},
  title        = {Heterogeneous Paxos: Technical Report},
  journal      = {CoRR},
  volume       = {abs/2011.08253},
  year         = {2020},
  url          = {https://arxiv.org/abs/2011.08253}
}

@article{DBLP:journals/corr/abs-1802-07240,
  author       = {Ethan MacBrough},
  title        = {Cobalt: {BFT} Governance in Open Networks},
  journal      = {CoRR},
  volume       = {abs/1802.07240},
  year         = {2018},
  url          = {http://arxiv.org/abs/1802.07240}
}

@article{DBLP:journals/corr/abs-2011-14816,
   author       = {Ignacio Amores{-}Sesar and
                  Christian Cachin and
                  Jovana Micic},
  title        = {Security Analysis of Ripple Consensus},
  journal      = {CoRR},
  volume       = {abs/2011.14816},
  year         = {2020},
  url          = {https://arxiv.org/abs/2011.14816}
}


@article{DBLP:journals/corr/abs-1902-06493,
  author       = {Lukasz Lachowski},
  title        = {Complexity of the quorum intersection property of the Federated Byzantine
                  Agreement System},
  journal      = {CoRR},
  volume       = {abs/1902.06493},
  year         = {2019},
  url          = {http://arxiv.org/abs/1902.06493}
}

@article{DBLP:journals/dc/BravoCG24,
  author       = {Manuel Bravo and
                  Gregory V. Chockler and
                  Alexey Gotsman},
  title        = {Liveness and latency of Byzantine state-machine replication},
  journal      = {Distributed Comput.},
  volume       = {37},
  number       = {2},
  pages        = {177--205},
  year         = {2024},
  url          = {https://doi.org/10.1007/s00446-024-00466-4}
}


@article{DBLP:journals/jacm/FischerLP85,
  author       = {Michael J. Fischer and
                  Nancy A. Lynch and
                  Mike Paterson},
  title        = {Impossibility of Distributed Consensus with One Faulty Process},
  journal      = {J. {ACM}},
  volume       = {32},
  number       = {2},
  pages        = {374--382},
  year         = {1985},
  url          = {https://doi.org/10.1145/3149.214121}
}

@article{DBLP:journals/corr/abs-1811-03642,
  author       = {{\'{A}}lvaro Garc{\'{\i}}a{-}P{\'{e}}rez and
                  Alexey Gotsman},
  title        = {Federated Byzantine Quorum Systems (Extended Version)},
  journal      = {CoRR},
  volume       = {abs/1811.03642},
  year         = {2018},
  url          = {http://arxiv.org/abs/1811.03642},
}



@article{DBLP:journals/dc/AlposCTZ24,
   author       = {Orestis Alpos and
                  Christian Cachin and
                  Bj{\"{o}}rn Tackmann and
                  Luca Zanolini},
  title        = {Asymmetric distributed trust},
  journal      = {Distributed Comput.},
  volume       = {37},
  number       = {3},
  pages        = {247--277},
  year         = {2024},
  url          = {https://doi.org/10.1007/s00446-024-00469-1}
}

@article{DBLP:journals/corr/abs-1807-04938,
  author       = {Ethan Buchman and
                  Jae Kwon and
                  Zarko Milosevic},
  title        = {The latest gossip on {BFT} consensus},
  journal      = {CoRR},
  volume       = {abs/1807.04938},
  year         = {2018},
  url          = {http://arxiv.org/abs/1807.04938}
}


@article{DBLP:journals/tocs/Lamport98,
  author       = {Leslie Lamport},
  title        = {The Part-Time Parliament},
  journal      = {{ACM} Trans. Comput. Syst.},
  volume       = {16},
  number       = {2},
  pages        = {133--169},
  year         = {1998},
  url          = {https://doi.org/10.1145/279227.279229}
}

@article{DBLP:journals/dc/MalkhiR98,
  author       = {Dahlia Malkhi and
                  Michael K. Reiter},
  title        = {Byzantine Quorum Systems},
  journal      = {Distributed Comput.},
  volume       = {11},
  number       = {4},
  pages        = {203--213},
  year         = {1998},
  url          = {https://doi.org/10.1007/s004460050050}
}

@article{DBLP:journals/jacm/MostefaouiMR15,
 author       = {Achour Most{\'{e}}faoui and
                  Hamouma Moumen and
                  Michel Raynal},
  title        = {Signature-Free Asynchronous Binary Byzantine Consensus with t {\textless}
                  n/3, O(n2) Messages, and {O(1)} Expected Time},
  journal      = {J. {ACM}},
  volume       = {62},
  number       = {4},
  pages        = {31:1--31:21},
  year         = {2015},
  url          = {https://doi.org/10.1145/2785953}
}

@inproceedings{DBLP:conf/osdi/CastroL99,
  author       = {Miguel Castro and
                  Barbara Liskov},
  title        = {Practical Byzantine Fault Tolerance},
  booktitle    = {{OSDI}},
  pages        = {173--186},
  publisher    = {{USENIX} Association},
  year         = {1999},
  url          = {https://dl.acm.org/citation.cfm?id=296824}
}

@inproceedings{DBLP:conf/podc/KeidarKNS21,
 author       = {Idit Keidar and
                  Eleftherios Kokoris{-}Kogias and
                  Oded Naor and
                  Alexander Spiegelman},
  title        = {All You Need is {DAG}},
  booktitle    = {{PODC}},
  pages        = {165--175},
  publisher    = {{ACM}},
  year         = {2021},
  url          = {https://doi.org/10.1145/3465084.3467905}
}


@inproceedings{DBLP:conf/podc/YinMRGA19,
  author       = {Maofan Yin and
                  Dahlia Malkhi and
                  Michael K. Reiter and
                  Guy Golan{-}Gueta and
                  Ittai Abraham},
  title        = {HotStuff: {BFT} Consensus with Linearity and Responsiveness},
  booktitle    = {{PODC}},
  pages        = {347--356},
  publisher    = {{ACM}},
  year         = {2019},
  url          = {https://doi.org/10.1145/3293611.3331591}
}


@inproceedings{DBLP:conf/asiacrypt/DamgardDFN07,
   author       = {Ivan Damg{\aa}rd and
                  Yvo Desmedt and
                  Matthias Fitzi and
                  Jesper Buus Nielsen},
  title        = {Secure Protocols with Asymmetric Trust},
  booktitle    = {{ASIACRYPT}},
  series       = {Lecture Notes in Computer Science},
  volume       = {4833},
  pages        = {357--375},
  publisher    = {Springer},
  year         = {2007},
  url          = {https://doi.org/10.1007/978-3-540-76900-2\_22}
}

@inproceedings{DBLP:conf/wdag/LiCL23,
  author       = {Xiao Li and
                  Eric Chan and
                  Mohsen Lesani},
  title        = {Quorum Subsumption for Heterogeneous Quorum Systems},
  booktitle    = {{DISC}},
  series       = {LIPIcs},
  volume       = {281},
  pages        = {28:1--28:19},
  publisher    = {Schloss Dagstuhl - Leibniz-Zentrum f{\"{u}}r Informatik},
  year         = {2023},
  url          = {https://doi.org/10.4230/LIPIcs.DISC.2023.28}
}


@book{DBLP:books/daglib/0025983,
  author       = {Christian Cachin and
                  Rachid Guerraoui and
                  Lu{\'{\i}}s E. T. Rodrigues},
  title        = {Introduction to Reliable and Secure Distributed Programming {(2.}
                  ed.)},
  publisher    = {Springer},
  year         = {2011},
  url          = {https://doi.org/10.1007/978-3-642-15260-3}
}







